% This file was created with JabRef 2.7.
% Encoding: UTF8

@INPROCEEDINGS{Self-optimizing,
  author = {Ryser, M. and Bacher, C. and \textbf{Raisin}, P. and Paardekooper, D. and Feurer, T. and Romano, V.},
  title = {{Self-optimization and oscillation state mapping of polarization additive pulse mode-locked fiber laser
  }},
  booktitle = {{Conference on Lasers and Electro-Optics (CLEO)}},
  year = {2017},
  address = {San Diego, USA},
  month = {}
}


@INPROCEEDINGS{ISS,
  author = {\textbf{Raisin}, P and Ryser, M. and Romano, V. and Feurer, T.},
  title = {{Towards an intrinsically stable all-fiber low-power broadband source at 1 um
  }},
  booktitle = {{Europhoton}},
  year = {2016},
  address = {Vienna, Austria},
  month = {}
}



@INPROCEEDINGS{GD,
  author = {\textbf{Raisin}, P. and Frey, D. and Michler, J.},
  title = {{Easy CRM selection software for GD-OES
  }},
  booktitle = {{GD-Day}},
  year = {2012},
  address = {Paris, France},
  month = {}
}




