% This file was created with JabRef 2.7.
% Encoding: UTF8

@INPROCEEDINGS{Formlabs,
  author = {},
  title = {{Building the next generation of calibration units with 3D printing
  }},
  booktitle = {{Blog post on www.formlabs.com}},
  year = {2017},
  address = {},
  month = {December}
}

@INPROCEEDINGS{CTI_2,
  author = {},
  title = {{Co-speaker at CTI outreach event on entrepreneurship on behalf of AME Ltd.
  }},
  booktitle = {{CTI Events at University of Bern}},
  year = {2016},
  address = {University of Bern, Switzerland},
  month = {March}
}

@INPROCEEDINGS{CTI_1,
  author = {},
  title = {{Co-speaker for lecture on financial planning on behalf of AME Ltd. 
  }},
  booktitle = {{CTI entrepreneurship course at University of Bern}},
  year = {2015},
  address = {University of Bern, Switzerland},
  month = {October}
}

@INPROCEEDINGS{BBCW,
  author = {},
  title = {{First prize at Bernese Business Creation Competition 
  }},
  booktitle = {{Institute for Marketing and Managment, University of Bern}},
  year = {2015},
  address = {Bern, Switzerland},
  month = {February}
}

@INPROCEEDINGS{SJF,
  author = {\textbf{Raisin},P. and Anliker, P},
  title = {{Sulfur-deprivation induced photo-biological production of hydrogen gas in the unicellular green algae Chlamydomonas reinhardtii 
  }},
  booktitle = {{National youth science competition hosted by University of Basel}},
  year = {2010},
  address = {Basel, Switzerland},
  month = {June}
}






