% This file was created with JabRef 2.7.
% Encoding: UTF8

@ARTICLE{patent,
  author = {\textbf{Raisin}, P. and Bacher, C. and Luder, A. and Jenk, A. and Ryser, M.},
  title = {Modular system for secure and controlled arrangement of optical fibres and components of an optical system},
  journal = {WIPO 2019/016001},
  year = {2019}
}
