% This file was created with JabRef 2.7.
% Encoding: UTF8

@INPROCEEDINGS{IPP,
  author = {\textbf{Raisin}, P. and Ryser, A. and von Werra, L. and Reinhard, F.},
  title = {{Towards new polymer-based components for THz-applications
  }},
  booktitle = {{NCCR MUST annual meeting}},
  year = {2016},
  address = {Engelberg, Switzerland},
  month = {}
}

@INPROCEEDINGS{RIP,
  author = {\textbf{Raisin}, P. and Ryser, M. and Romano, V.},
  title = {{High-precision confocal reflection measurement for two dimensional refractive index mapping of optical fibers
  }},
  booktitle = {{SPIE Photonics Europe}},
  year = {2015},
  address = {Prague, Czech Republic},
  month = {}
}




